2632 4680
216 270 351 392 -596'-
467 294 533 367 Μ
550 295 653 368 rm.
680 281 997 392 cummuni

132 469 353 590 33quens
371 485 435 576 stt,
462 460 627 562 transeo
684 485 792 564 Illud
809 511 930 574 vero,
966 424 1115 560 etiamst
1133 483 1236 560 ridi·

225 606 366 680 culum
390 601 465 690 est,
503 584 722 702 indignum
742 617 873 677 tamen
898 586 1069 701 homine
1088 602 1235 675 tolera·

216 720 322 813 tili,
350 716 461 818 quod
476 733 546 791 aut
565 718 755 816 turpiter,
792 732 860 792 aut
873 710 1116 848 impotenter
1133 699 1235 789 dici-

226 851 316 909 tur:
356 831 470 932 quod
491 829 621 905 fecisse
613 830 842 932 quendam
860 828 963 920 scio,
1001 834 1073 928 qui
1096 831 1234 904 humi

226 950 342 1037 liori,
371 949 496 1022 libere
512 944 697 1021 adversus
712 943 757 1020 sc¹
766 948 970 1046 loquenti,
1003 933 1310 1041 Colaplmm,
1305 1016 1308 1021 .

225 1044 382 1160 inquit,
420 1058 488 1136 tibi
524 1063 681 1150 ducam,
719 1077 759 1166 et
783 1056 1017 1169 formulam
1043 1055 1234 1170 scribam,

130 1181 133 1191 '
227 1181 334 1279 qaod
350 1193 467 1277 capnt
482 1177 621 1252 durum
636 1171 788 1252 tabem.
841 1179 917 1253 Hic
933 1179 1041 1250 enim
1057 1176 1233 1255 dubium
1267 1248 1273 1259 .

579 1323 588 1339 =
643 1310 656 1359 ι

175 1456 181 1479 ‚
288 1405 344 1477 85.
366 1408 442 1482 ridie.
464 1371 503 1484 eft
524 1407 578 1462 ind.
622 1365 667 1462 Sic
683 1408 778 1470 Turio.
795 1405 889 1462 (ineis.
906 1397 1003 1481 Camp.
1022 1426 1085 1460 cum
1100 1368 1188 1474 (ioth.
1204 1420 1233 1460 et

201 1551 206 1557 ,
230 1491 293 1548 odd.
311 1507 373 1547 anto
390 1491 456 1547 Bad.
498 1494 512 1564 (
520 1495 575 1546 Hic
589 1493 704 1564 quidem
718 1515 739 1545 r.
756 1509 783 1546 et
798 1493 831 1563 i.)
875 1494 948 1548 Mox
962 1492 1101 1546 omittant
1114 1489 1154 1566 est
1170 1509 1232 1544 exc.

227 1576 310 1632 Basrl
352 1575 443 1631 Malui
463 1595 531 1631 mox
556 1577 628 1650 post
637 1593 725 1630 tamen
747 1577 845 1651 ejicere
866 1574 919 1652 est,
956 1595 1114 1649 quanquam
1130 1575 1238 1629 invitia
1297 1582 1300 1586 ’

190 1684 192 1689 ·
231 1639 363 1715 omnibite
378 1659 467 1717 libris.
511 1660 608 1713 Potuit
619 1659 806 1714 adhaerescere
821 1659 862 1714 ibi
877 1679 912 1713 ex
929 1677 1016 1715 terren
1031 1675 1200 1714 extremo.-

296 1725 438 1799 tolerabili.
460 1745 504 1798 Sic
518 1744 616 1798 Turio.
632 1743 725 1799 Guels.
742 1746 839 1826 Camp.
855 1763 919 1798 cum
932 1744 1013 1799 Bodl.
1023 1740 1099 1798 ΑΙιιι.
1113 1744 1189 1803 Voss.
1203 1756 1231 1799 Ω.

201 1840 206 1851 “
232 1827 320 1885 Gotlr.
343 1843 371 1880 et
394 1827 456 1888 edd.
481 1842 543 1880 ante
563 1828 622 1881 Bas.
645 1829 695 1881 nist
717 1829 794 1900 quod
818 1828 885 1885 trad.
907 1829 1067 1885 tolerabile
1105 1826 1231 1891 ABtsil.

229 1910 296 1966 inde
319 1930 414 1972 ornnes
437 1911 557 1972 liberali,
584 1913 648 1965 sine
660 1926 781 1966 auctore.
830 1911 904 1966 illud
920 1908 1033 1981 leviat,
1070 1912 1147 1992 quod
1167 1927 1231 1965 anto
1308 1964 1310 1970 ,

228 1994 293 2054 Ald.
317 1997 425 2052 homini.
658 1999 826 2068 impotenter.
867 1995 963 2050 Turio.
989 1976 1083 2050 Gnels.
1106 2013 1230 2068 potenter

179 2093 182 2103 '
229 2099 296 2135 curn
311 2070 401 2134 ssim.¹
587 2078 713 2157 scribam.
735 2081 848 2155 ‘Turia
864 2100 879 2132 a
893 2099 935 2155 pr.
952 2099 1038 2133 manu
1047 2079 1134 2154 scribe
1151 2086 1230 2152 (cum

230 2164 318 2220 Goth.
338 2170 379 2231 2.)
394 2184 408 2217 a
424 2164 472 2219 lec.
483 2161 588 2240 scribo,
620 2179 647 2218 et
667 2158 703 2218 lic
718 2164 812 2219 Guels.
828 2167 924 2239 camp.
940 2184 1003 2219 cnm
1018 2163 1102 2219 Goth.
1122 2179 1149 2219 et
1160 2164 1228 2217 edd.
1256 2226 1257 2231 Ἰ

184 2294 190 2304 ,
214 2265 294 2317 ·anto
315 2248 381 2303 nat.
406 2250 454 2303 sec.
475 2250 526 2321 qui
548 2247 622 2303 unde
642 2240 810 2303 rorissimam
825 2248 950 2305 sumserit
965 2243 1144 2322 scripturam,
1165 2267 1231 2302 nue-

228 2340 313 2407 quarn
337 2333 497 2387 ostenditur.
547 2335 620 2390 Nltn
642 2333 723 2406 quod
741 2332 815 2413 Alto.
837 2331 985 2408 scribebam
1005 2333 1069 2387 dare
1092 2350 1230 2394 narratur,

226 2420 353 2507 'errorem
368 2419 487 2494 suspicor
500 2417 581 2496 (ὡς
596 2427 643 2488 80.
658 2425 723 2488 85).
764 2418 842 2494 Idem
860 2436 939 2472 error
952 2418 968 2486 ἦ
986 2428 1037 2493 95.

203 2643 234 2696 ’,
272 2648 322 2708 33.
346 2638 448 2693 homine
466 2639 607 2694 tolerabili.
641 2643 709 2694 Pau·
748 2637 814 2701 bio,
860 2655 923 2692 oum
959 2651 1113 2708 utrumqne
1148 2631 1229 2688 facile

227 2721 257 2777 lo
273 2723 435 2776 insolentius
451 2722 637 2784 vocabulum,
664 2725 707 2777 sed
749 2722 830 2797 possit
850 2722 947 2776 eodem
971 2716 1078 2774 referri.
1123 2719 1230 2775 Contu·

226 2823 280 2863 nec
300 2806 472 2870 inauditum,
501 2805 581 2861 velut
594 2809 705 2863 Terent.
748 2808 859 2861 moliole
874 2807 913 2877 (i.
930 2825 953 2858 e.
968 2805 1095 2878 turpiter)
1110 2802 1228 2878 patienti

227 2890 329 2947 fleant.
350 2911 374 2951 ι,
390 2905 416 2950 2,
433 2900 480 2962 34.
497 2890 546 2943 ubi
566 2892 644 2946 ltomo
666 2909 707 2946 to·
748 2891 873 2945 strident
895 2889 971 2966 qnod
991 2888 1024 2943 ab
1041 2903 1140 2966 agente
1155 2887 1228 2966 geri·

78 3002 81 3013 ·
167 3035 173 3042 ‚
227 2975 376 3030 teratttts
368 2993 391 3029 rt
412 2976 515 3028 dicitur
539 2976 589 3047 qui
611 2979 644 3029 sit
662 2993 707 3030 oo·
747 2989 796 3029 tur
827 2980 994 3048 impotenter.
1038 2973 1076 3027 de
1100 2988 1150 3028 ant
1177 2974 1227 3030 aab

226 3061 281 3113 mis
326 3074 354 3113 et
395 3058 520 3114 moribus
565 3061 704 3130 jucundis.
747 3059 782 3115 os.
800 3071 872 3127 Μ,
892 3080 917 3112 1.

226 3145 262 3198 os.
288 3145 325 3205 6.
359 3159 394 3204 ι,
432 3143 478 3197 ι6.
515 3145 703 3199 intolerabiles.
790 3143 939 3215 bolaplram
954 3172 995 3185 -
1012 3141 1117 3196 habeat.
1171 3143 1227 3194 Im·

163 3250 170 3261 ·
225 3226 333 3282 Eodem
347 3228 421 3282 redit
435 3228 522 3282 Tacit.
538 3226 637 3282 Annas.
658 3248 702 3290 ιι,
744 3228 868 3302 potentia
897 3228 927 3280 in
962 3227 1034 3280 hisce
1068 3214 1224 3287 manifesta3
1267 3258 1272 3265 ·

229 3331 267 3364 ιο
284 3328 354 3366 extr.
371 3314 556 3370 intolerantior
565 3310 701 3386 subjectis.
743 3330 794 3365 neo
830 3312 955 3384 assequor
989 3288 1125 3370 Bitiam,
1174 3308 1226 3381 qui
1270 3334 1276 3341 ·

225 3395 703 3468 Cic.adntt.16‚14taratarant-
744 3397 945 3469 „Colapltnm
978 3394 1224 3467 inquit„dnccre

224 3479 259 3534 lis
287 3484 427 3535 Antonius.
470 3484 537 3538 Non
567 3495 625 3535 erat
651 3481 680 3558 ig
682 3480 703 3532 i'·
744 3494 796 3541 „et
808 3479 960 3554 formulam
978 3472 1094 3554 scribere
1110 3479 1160 3551 qui
1182 3478 1226 3532 so·

131 3611 135 3615 .
199 3577 289 3634 ¹tur,
325 3565 401 3636 quod
428 3565 596 3620 desereretur
618 3564 703 3618 libro·
742 3563 829 3626 „lum
853 3564 883 3617 id
905 3563 979 3637 quod
1000 3562 1102 3645 Regius
1118 3562 1225 3616 affert“

36 3663 42 3675 ⁸
139 3692 145 3707 ,
223 3664 289 3700 rum
318 3650 477 3704 anctoritae.
521 3646 653 3720 Gnletns
668 3649 702 3701 ad
743 3650 828 3718 (sunt
849 3662 940 3702 antero
961 3649 1068 3719 hujus
1061 3663 1224 3720 interpreta-

142 3773 153 3796 .
217 3720 288 3786 Tor.
306 3729 377 3805 (qno
393 3733 501 3812 ablegat
503 3733 631 3804 Burin.)
654 3753 702 3787 ve-
743 3734 830 3787 tionos
852 3732 1021 3792 veriffirnae,
1054 3732 1099 3787 sed
1120 3732 1223 3786 obviae

222 3833 287 3870 rum
310 3816 468 3871 vocabuli
460 3837 490 3871 tn
512 3817 575 3874 loeo
595 3819 700 3873 sonsum
741 3818 772 3871 in
786 3818 888 3889 quovis
904 3818 1025 3889 Lexico)
1047 3817 1222 3892 „significare

222 3918 279 3954 non
295 3897 498 3957 osia'ssacutae.
575 3950 578 3957 t
741 3902 872 3964 „credit,
909 3901 1018 3958 deliciae
1045 3900 1114 3957 dicti
1142 3899 1221 3953 illiue

264 4003 311 4040 aar
328 3990 442 4057 turpiter
462 4004 510 4041 nat
533 3991 698 4061 impotenter.
741 4004 822 4047 „non
841 3983 1003 4062 intelligit.⁸‘
1054 3982 1136 4037 Plane
1158 4002 1223 4058 per·

220 4070 288 4126 Non
319 4071 433 4124 videtur
468 4072 635 4126 haerendum
673 4083 700 4125 et
741 4072 846 4126 suasum
869 4067 943 4123 mihi
964 4068 1015 4129 esi.
1048 4066 1221 4124 haeften·
1244 4046 1272 4085 's

190 4146 192 4150 ’
220 4154 405 4232 argutandum
430 4157 462 4210 in
488 4157 581 4231 priore
602 4155 700 4223 adver·
740 4155 842 4235 gutiae.
887 4208 888 4213 ,
