2632 4680
202 319 205 325 -
272 265 275 273 “
338 237 463 352 ruer.
491 234 700 352 ousrou.
724 284 904 370 mnu,
930 301 965 371 s·
1075 234 1172 374 ers*

150 474 257 550 Hinc
281 475 652 570 eques‘Romenus,
705 468 755 545 ed
783 495 905 571 quesn
935 473 979 548 in
1006 471 1151 574 specta·
1193 456 1196 475 '

152 588 256 663 culis
281 587 488 661 bibentem
514 613 608 660 cum
633 584 789 661 misisset
812 587 1032 686 Augustus,
1077 593 1151 690 qui

128 705 190 779 ,ei
210 700 379 791 diceret,
408 696 503 806 Ego
513 698 556 810 fi
571 705 767 800 presidere
784 701 896 790 oolo,
925 706 1077 779 domum
1093 734 1152 782 eos

106 833 145 900 te
160 820 232 893 Tu
246 821 366 906 enim,
392 819 555 915 iuquit,
596 845 670 892 non
690 822 815 904 times,
850 844 897 892 ne
920 819 1042 895 locum
1058 845 1151 918 per-

123 934 232 1038 duc.
289 937 348 1006 Ex
370 935 666 1009 contrarionon
685 922 934 1030 unaspecies.
1002 932 1206 1037 Neque64

151 1050 261 1122 enim
284 1048 426 1122 eodem
452 1048 575 1124 modo
600 1048 701 1121 dixit
723 1047 924 1146 Augustus
939 1040 1150 1148 praesecto,

152 1187 276 1262 quem
300 1189 394 1238 cum
416 1150 637 1263 ignominie
661 1162 860 1250 mittebat,
896 1163 1065 1240 subinde
1087 1168 1149 1240 irs·
1213 1153 1237 1188 ⁸

150 1281 378 1393 toppouenti
410 1279 615 1377 predbor,
660 1280 768 1390 Quid
787 1273 1021 1384 respondebo
1041 1287 1151 1378 porri

132 1384 261 1468 meo?
315 1395 417 1483 Dic,
450 1422 509 1468 me
533 1391 601 1468 tibi
625 1387 876 1503 displicuiffe:
917 1421 998 1494 quo
1017 1387 1150 1487 Galbe,

106 1686 109 1707 ,
215 1638 264 1714 64.
287 1642 416 1697 mittebat.
451 1635 495 1696 Sic
511 1641 606 1697 Turis.
623 1661 686 1696 cum
703 1640 776 1697 Alm.
792 1640 863 1700 Jens
882 1658 909 1697 et
924 1641 984 1698 edd.
1000 1643 1060 1718 post
1072 1613 1150 1701 bunc
1194 1638 1197 1645 ’
1227 1652 1229 1661 “

150 1740 214 1784 ente
229 1725 292 1781 sld.
285 1746 364 1800 .quo
378 1746 430 1780 ecc.
447 1699 516 1783 Obr.
561 1727 673 1800 Reliqui
696 1727 818 1781 notabat
864 1729 929 1783 Cum
949 1729 1084 1783 inserui'
1075 1746 1150 1785 mter
1195 1741 1200 1749 '

148 1833 229 1911 prtem
246 1826 273 1870 et
289 1813 449 1885 ignominia,
487 1831 523 1865 cx
542 1810 675 1864 lenilbmn
695 1811 889 1883 verissimaque
909 1794 1065 1867 Burmanni
1086 1808 1151 1869 cois·

150 1898 265 1970 iectura.
309 1896 343 1948 cs.
368 1895 497 1971 Oudend.
519 1896 552 1948 nd
575 1900 648 1950 Suet
672 1895 729 1953 cal
744 1905 793 1967 44
837 1898 881 1950 Sic
897 1898 969 1951 enim
987 1885 1181 1974 sacpeepud⁰

151 1979 228 2035 hunc
242 1981 410 2054 scriptorem.
455 1980 548 2034 Subiit
563 1982 700 2058 corrigere
715 2004 740 2055 q.
759 1983 918 2052 ignominiae
933 1980 1013 2056 causa
1028 2003 1063 2037 ιιι.
1080 2004 1150 2056 quae

150 2064 207 2119 suit
227 2065 353 2143 legitima
374 2064 495 2118 formulis
519 2065 598 2133 (vid.
615 2067 694 2118 Brils.
711 2065 744 2118 de
758 2067 852 2118 Form.
870 2087 897 2140 p.
915 2072 998 2134 543.)
1021 2082 1049 2121 et
1065 2067 1151 2122 'sacil-

150 2147 218 2204 lime
261 2146 404 2202 excidebat
446 2166 505 2202 vox
547 2147 706 2202 brevislimo
749 2150 914 2222 compendio
955 2149 1037 2206 scribi
1071 2153 1151 2206 solite
1211 2144 1219 2162 ’

150 2235 199 2303 (cf.
216 2230 232 2309 §
247 2234 311 2309 56).
330 2284 342 2290 ,.
353 2233 406 2287 Sed
422 2233 510 2287 lenius
525 2247 552 2286 et
566 2233 689 2286 usitatius
704 2230 784 2285 illud.

165 2332 170 2342 '
214 2338 275 2396 quo.
318 2318 413 2413 Turio.
440 2319 512 2394 quod
533 2317 618 2392 (apr.
635 2316 748 2390 quidem
764 2311 848 2369 niariu
866 2315 1006 2372 obscurius
1022 2332 1150 2394 compen*-

135 2535 145 2551 ‘
184 2538 243 2609 ι65.
267 2541 294 2594 in
309 2535 473 2613 spectaculis
489 2539 627 2593 bibentem.
670 2512 784 2609 Put'ant
807 2533 881 2590 enim
909 2534 996 2592 locum
1023 2537 1070 2592 bic
1104 2539 1150 2594 de·
1241 2530 1244 2537 ¹

147 2612 211 2680 Post
255 2623 370 2701 Augusti
413 2636 537 2697 tempora
573 2621 629 2675 hoc
670 2621 769 2700 signari
791 2623 984 2679 summumin
1006 2623 1148 2697 republica

147 2711 238 2764 etiam
249 2708 338 2784 vulgo
353 2706 432 2761 siebat
449 2722 485 2768 et,
501 2726 563 2760 cum
578 2724 629 2780 per
671 2721 698 2759 et
717 2705 835 2780 proinde
856 2706 909 2776 jaci
928 2706 982 2760 hoc
995 2707 1102 2761 dictum
1117 2709 1149 2762 in

150 2795 274 2871 integros
304 2792 362 2845 dies
391 2793 577 2846 retinerentur
598 2791 628 2842 in
671 2790 846 2863 tyrannidem
868 2792 1003 2869 Augusti,
1037 2795 1083 2846 cui
1108 2793 1151 2849 in.

119 2898 122 2905 ·
150 2875 316 2976 spectaculis,
339 2876 458 2930 concessa
474 2877 510 2931 est
525 2876 628 2949 aprin·
671 2875 864 2948 terpretotioni
898 2877 1064 2949 praesidium
1103 2899 1150 2952 pe-

151 2963 211 3037 cipe
233 2975 305 3015 certo
326 2952 429 3039 summe
452 2964 507 3040 sing
509 2960 563 3014 ulis
585 2978 631 3013 or
671 2973 735 3019 tunt
760 2979 795 3012 cx
817 2963 931 3014 Sueten.
955 2965 1029 3039 Aug.
1061 2981 1083 3016 c.
1107 2972 1148 3035 54
1229 3022 1232 3043 ¹

144 3045 279 3104 dinibus.
303 3045 488 3099 undevinum
505 3057 677 3105 emerent,
679 3043 917 3104 ‚contradicerem
946 3048 965 3098 ss
993 3048 1081 3100 locum
1102 3047 1149 3100 lm·

150 3130 181 3185 in
197 3131 303 3184 theatro
319 3127 479 3183 bibendum.
502 3131 536 3183 cs.
554 3133 628 3183 Mar·
668 3127 817 3189 „“berem.
860 3128 1011 3188 casauboni
1033 3104 1147 3202 quidem

152 3214 209 3269 tial.
229 3235 253 3273 ι,
273 3229 318 3266 12.
335 3228 372 3277 27
388 3213 514 3287 ibique
505 3229 627 3288 interpp.
668 3166 782 3267 iliorum
810 3212 963 3267 verborum
989 3214 1147 3287 explanatio

150 3318 201 3354 nec
214 3299 299 3354 nostri
313 3296 390 3351 loci
381 3316 568 3353 immemores.
669 3297 779 3351 diversa
808 3297 844 3350 est
871 3295 904 3351 ab
932 3297 984 3351 lis'c
1012 3301 1147 3352 Burman-

668 3382 766 3441 niann,
799 3381 945 3454 tutiorque
975 3381 1032 3438 illo.
1087 3386 1147 3439 Nec

196 3468 240 3525 Τιι
269 3469 406 3520 enim-
435 3465 540 3538 perdas.
582 3465 628 3518 De
670 3465 754 3554 hujus
776 3466 898 3542 generis,
935 3464 969 3518 de
992 3485 1049 3540 quo
1072 3487 1148 3521 nuno
1214 3458 1216 3463 ,
1262 3523 1267 3532 ,

149 3552 364 3623 corsjunctione
392 3567 474 3622 qutun
497 3549 562 3602 binc
583 3568 628 3602 ex
669 3546 729 3627 agis
755 3552 828 3623 Qu,
863 3549 949 3603 fuerit
977 3552 1147 3626 exemplum,
1242 3606 1246 3613 ,

150 3638 252 3712 pellere
268 3635 338 3688 velit
352 3633 457 3712 Regius
473 3648 505 3686 ut
519 3647 546 3686 et
560 3652 657 3686 mox
670 3637 688 3688 ss
705 3648 760 3687 tem
774 3632 950 3687 reconditum
970 3633 1067 3690 lrabeat
1086 3657 1149 3692 ucu-

149 3719 233 3797 §77.
256 3720 321 3773 vide
337 3734 364 3779 2,
391 3738 436 3778 ιι,
458 3729 485 3780 7.
526 3721 627 3776 Jocum
667 3717 753 3771 leum.
775 3714 905 3792 cf.§60.

150 3807 281 3881 equidem
303 3804 378 3856 hunc
402 3804 517 3881 agnosco
540 3821 628 3856 unum
712 3801 761 3873 64.
776 3799 929 3876 ‚Augustus
952 3830 995 3844 ··-
1014 3804 1145 3860 mittebat.
1194 3826 1196 3831 ’
1247 3870 1250 3875 ⁴

151 3909 187 3946 sx
223 3889 327 3943 lascivis
356 3886 411 3940 illis
439 3902 466 3939 et
493 3885 627 3940 hilaribus
668 3885 746 3940 Idem
762 3899 860 3940 namat‘
871 3887 1031 3943 Macrobius
1054 3891 1147 3942 Satur-

151 3976 201 4044 (cs.
217 3971 235 4048 §
255 3978 315 4040 27.)
357 3974 413 4025 uois
451 3964 529 4024 sess>
528 3993 564 4025 ιιι
600 3984 628 4023 et
668 3970 733 4024 nell.
764 3984 797 4031 2,
830 3979 860 4043 4.
898 3962 1037 4050 designans
1069 3990 1147 4047 prue-
1178 4032 1181 4045 ,

151 4078 208 4131 aru
213 4058 371 4114 ruleutum
411 4070 443 4108 nt
456 4055 543 4128 placet
559 4056 638 4108 Bur·
669 4055 773 4108 sectum
794 4056 984 4117 Herennium,
1012 4059 1146 4128 juvenem

150 4161 273 4204 menno,
316 4141 435 4196 Gesuero
463 4139 626 4216 ssl'eutiente
668 4139 749 4194 vitiis
766 4139 903 4195 deditum.
1135 4144 1147 4155 '
